<?xml version="1.0" encoding="UTF-8"?><record xmlns="http://www.loc.gov/MARC21/slim" xmlns:cinclude="http://apache.org/cocoon/include/1.0" xmlns:zs="http://www.loc.gov/zing/srw/">
  <leader>00964cz  a2200193n  4500</leader>
  <controlfield tag="001">nr 90005887 </controlfield>
  <controlfield tag="003">DLC</controlfield>
  <controlfield tag="005">20081101080859.0</controlfield>
  <controlfield tag="008">900411n| acannaabn          |b ana      </controlfield>
  <datafield tag="010" ind1=" " ind2=" ">
    <subfield code="a">nr 90005887 </subfield>
  </datafield>
  <datafield tag="035" ind1=" " ind2=" ">
    <subfield code="a">(OCoLC)oca02722779</subfield>
  </datafield>
  <datafield tag="040" ind1=" " ind2=" ">
    <subfield code="a">DLC-H</subfield>
    <subfield code="b">eng</subfield>
    <subfield code="c">DLC-H</subfield>
    <subfield code="d">OCoLC</subfield>
  </datafield>
  <datafield tag="110" ind1="2" ind2=" ">
    <subfield code="a">Mosdot Ṿiznits (Bene Beraḳ, Israel).</subfield>
    <subfield code="b">Makhon le-hotsaʼat sifre rabo. ha-ḳ.</subfield>
  </datafield>
  <datafield tag="410" ind1="2" ind2=" ">
    <subfield code="a">Makhon le-hotsaʼat sifre rabo. ha-ḳ. she-ʻa. y. Mosdot Ṿiz'nits be-Er. ha-Ḳ.</subfield>
  </datafield>
  <datafield tag="410" ind1="2" ind2=" ">
    <subfield code="a">Makhon le-hotsaʼat sifre rabotenu ha-ḳedoshim she-ʻal yad Mosdot Ṿiz'nits be-Erets ha-Ḳodesh</subfield>
  </datafield>
  <datafield tag="410" ind1="2" ind2=" ">
    <subfield code="a">מכון להוצאת ספרי רבוה״ק שע״י מוסדות ויז׳ניץ בארה״ק</subfield>
  </datafield>
  <datafield tag="667" ind1=" " ind2=" ">
    <subfield code="a">Machine-derived non-Latin script reference project.</subfield>
  </datafield>
  <datafield tag="667" ind1=" " ind2=" ">
    <subfield code="a">Non-Latin script reference not evaluated.</subfield>
  </datafield>
  <datafield tag="670" ind1=" " ind2=" ">
    <subfield code="a">Hager, Ḥ.M. Sefer Imre ḥayim, 1989:</subfield>
    <subfield code="b">v. 1, t.p. (ha-Makhon le-hotsaʼat sifre rabo. ha-ḳ. she-ʻa. y. Mosdot Ṿiz'nits be-Er. ha-Ḳ.)</subfield>
  </datafield>
</record>